@inproceedings{238319,
 author = {Voronkov, Artem and Martucci, Leonardo A. and Lindskog, Stefan},
 title = {System Administrators Prefer Command Line Interfaces, Don\textquoterightt They? An Exploratory Study of Firewall Interfaces},
 publisher = {USENIX Association},
 year = {2019},
 month = {August},
 pages = {259--271},
 url = {https://www.usenix.org/conference/soups2019/presentation/voronkov},
 address = {Santa Clara, CA},
 booktitle = {Fifteenth Symposium on Usable Privacy and Security (SOUPS 2019)},
 isbn = {978-1-939133-05-2}
}

@inproceedings{bland2007design,
 author = {Bland, Wesley and Naughton, Thomas and Vallée, Geoffroy and Scott, Stephen L},
 title = {Design and implementation of a menu based oscar command line interface},
 year = {2007},
 pages = {25--25},
 booktitle = {21st International Symposium on High Performance Computing Systems and Applications (HPCS'07)},
 organization = {IEEE}
}

@inproceedings{davison1997toward,
 author = {Davison, Brian D and Hirsh, Haym},
 title = {Toward an adaptive command line interface},
 year = {1997},
 pages = {505--508},
 booktitle = {HCI (2)},
 organization = {Citeseer}
}

@inproceedings{des2004oscar,
 author = {des Ligneris, Benoıt and Camargos, Fernando Laudares},
 title = {OSCAR CLI: A Command Line Interface for OSCAR}
}

@article{durham1998learning,
 author = {Durham, Ashley G and Emurian, Henry H},
 title = {Learning and retention with a menu and a command line interface},
 journal = {Computers in human behavior},
 publisher = {Elsevier},
 year = {1998},
 number = {4},
 volume = {14},
 pages = {597--620}
}

@article{Durham_1998,
 author = {Durham, Ashley G. and Emurian, Henry H.},
 title = {Learning and retention with a menu and a command line interface},
 journal = {Computers in Human Behavior},
 publisher = {Elsevier BV},
 year = {1998},
 month = {dec},
 number = {4},
 volume = {14},
 pages = {597--620},
 url = {https://doi.org/10.1016%2Fs0747-5632%2898%2900026-0},
 doi = {10.1016/s0747-5632(98)00026-0}
}

@inproceedings{fellmann2007command,
 author = {Fellmann, Tom and Kavakli, Manolya and others, },
 title = {A command line interface versus a graphical user interface in coding VR systems},
 year = {2007},
 booktitle = {Proceedings of the Second IASTED International Conference on Human Computer Interaction. ACTA Press}
}

@inproceedings{Groth_2009,
 author = {Groth, Paul T. and Gil, Yolanda},
 title = {A scientific workflow construction command line},
 publisher = {ACM},
 year = {2009},
 month = {feb},
 url = {https://doi.org/10.1145%2F1502650.1502716},
 doi = {10.1145/1502650.1502716},
 booktitle = {Proceedings of the 14th international conference on Intelligent user interfaces}
}

@article{Hasan_2007,
 author = {Hasan, Bassam and Ahmed, Mesbah U.},
 title = {Effects of interface style on user perceptions and behavioral intention to use computer systems},
 journal = {Computers in Human Behavior},
 publisher = {Elsevier BV},
 year = {2007},
 month = {nov},
 number = {6},
 volume = {23},
 pages = {3025--3037},
 url = {https://doi.org/10.1016%2Fj.chb.2006.08.016},
 doi = {10.1016/j.chb.2006.08.016}
}

@inproceedings{Herrera_2005,
 author = {Herrera, David and Ward, Nigel},
 title = {Training wheels for the command line},
 year = {2005},
 booktitle = {Proceedings of the 11th International Conference on Human-Computer Interaction}
}

@incollection{Keefe_2013,
 author = {Keefe, Ken and Sanders, William H.},
 title = {Möbius Shell: A Command-Line Interface for Möbius},
 publisher = {Springer Berlin Heidelberg},
 year = {2013},
 pages = {282--285},
 url = {https://doi.org/10.1007%2F978-3-642-40196-1_24},
 doi = {10.1007/978-3-642-40196-1_24},
 booktitle = {Quantitative Evaluation of Systems}
}

@book{Kowalski_2017,
 author = {Kowalski, Robert},
 title = {The CLI Book},
 publisher = {Apress},
 year = {2017},
 url = {https://doi.org/10.1007%2F978-1-4842-3177-7},
 doi = {10.1007/978-1-4842-3177-7}
}

@inproceedings{Luoma_2007,
 author = {Luoma, Harri and Lahtinen, Essi and Järvinen, Hannu-Matti},
 title = {CLIP, a Command Line Interpreter for a Subset of C++},
 year = {2007},
 pages = {199--202},
 booktitle = {Proceedings of the Seventh Baltic Sea Conference on Computing Education Research-Volume 88}
}

@book{Mandel_1997,
 author = {Mandel, Theo},
 title = {The Elements of User Interface Design},
 publisher = {Wiley},
 year = {1997},
 isbn = {0471162671,9780471162674}
}

@inproceedings{Miller_2008,
 author = {Miller, Robert C. and Chou, Victoria H. and Bernstein, Michael and Little, Greg and Kleek, Max Van and Karger, David and schraefel, mc},
 title = {Inky},
 publisher = {ACM Press},
 year = {2008},
 url = {https://doi.org/10.1145%2F1449715.1449737},
 doi = {10.1145/1449715.1449737},
 booktitle = {Proceedings of the 21st annual ACM symposium on User interface software and technology - UIST ′08}
}

@article{Morgan_1991,
 author = {Morgan, K.},
 title = {When does a Mouse become a Rat? or ...Comparing Performance and Preferences in Direct Manipulation and Command Line Environment},
 journal = {The Computer Journal},
 publisher = {Oxford University Press (OUP)},
 year = {1991},
 month = {mar},
 number = {3},
 volume = {34},
 pages = {265--271},
 url = {https://doi.org/10.1093%2Fcomjnl%2F34.3.265},
 doi = {10.1093/comjnl/34.3.265}
}

@inproceedings{Murillo_2014,
 author = {Murillo, Sandra R. and Sánchez, J. Alfredo},
 title = {Empowering Interfaces for System Administrators},
 publisher = {ACM Press},
 year = {2014},
 url = {https://doi.org/10.1145%2F2662253.2662300},
 doi = {10.1145/2662253.2662300},
 booktitle = {Proceedings of the XV International Conference on Human Computer Interaction - Interacción ′14}
}

@online{nielson1993,
 title = {Noncommand User Interfaces},
 url = {https://www.nngroup.com/articles/noncommand/},
 date = {1993},
 organization = {Nielsen Norman Group},
 urldate = {2022-12-05}
}

@article{Norman_2007,
 author = {Norman, Don},
 title = {The next UI breakthrough},
 journal = {Interactions},
 publisher = {Association for Computing Machinery (ACM)},
 year = {2007},
 month = {may},
 number = {3},
 volume = {14},
 pages = {44--45},
 url = {https://doi.org/10.1145%2F1242421.1242449},
 doi = {10.1145/1242421.1242449}
}

@inproceedings{paffenroth2001auto2000,
 author = {Paffenroth, Randy and Doedel, EJ},
 title = {The auto2000 command line user interface}
}

@article{Raskin_2008,
 author = {Raskin, Aza},
 title = {The linguistic command line},
 journal = {Interactions},
 publisher = {Association for Computing Machinery (ACM)},
 year = {2008},
 month = {jan},
 number = {1},
 volume = {15},
 pages = {19--22},
 url = {https://doi.org/10.1145%2F1330526.1330535},
 doi = {10.1145/1330526.1330535}
}

@misc{rohde2008implementation,
 author = {Rohde, Daniel},
 title = {Implementation of a Command-Line Interface for the VizzAnalyzer},
 year = {2008}
}

@article{Seemann_2013,
 author = {Seemann, Torsten},
 title = {Ten recommendations for creating usable bioinformatics command line software},
 journal = {GigaScience},
 publisher = {Oxford University Press (OUP)},
 year = {2013},
 month = {nov},
 number = {1},
 volume = {2},
 url = {https://doi.org/10.1186%2F2047-217x-2-15},
 doi = {10.1186/2047-217x-2-15}
}

@misc{seneviratne2008new,
 author = {Seneviratne, Nilanthi},
 title = {New command line interfaces},
 year = {2008}
}

@article{teixeira2020taurenmd,
 author = {Teixeira, João MC},
 title = {taurenmd: A command-line interface for analysis of Molecular Dynamics simulations.},
 journal = {Journal of Open Source Software},
 year = {2020},
 number = {50},
 volume = {5},
 pages = {2175}
}

@inproceedings{Thompson_2007,
 author = {Thompson, Ramona Su and Rantanen, Esa M. and Yurcik, William and Bailey, Brian P.},
 title = {Command line or pretty lines?},
 publisher = {ACM},
 year = {2007},
 month = {apr},
 url = {https://doi.org/10.1145%2F1240624.1240807},
 doi = {10.1145/1240624.1240807},
 booktitle = {Proceedings of the SIGCHI Conference on Human Factors in Computing Systems}
}

@article{unwin1999gui,
 author = {Unwin, Antony and Hofmann, Heike},
 title = {GUI and Command-line-Conflict or Synergy?}
}

@inproceedings{Verma_2013,
 author = {Verma, Pramod},
 title = {Gracoli},
 publisher = {ACM Press},
 year = {2013},
 url = {https://doi.org/10.1145%2F2468356.2479631},
 doi = {10.1145/2468356.2479631},
 booktitle = {CHI ′13 Extended Abstracts on Human Factors in Computing Systems on - CHI EA ′13}
}

@article{Westerman_1997,
 author = {Westerman, S. J.},
 title = {Individual Differences in the Use of Command Line and Menu Computer Interfaces},
 journal = {International Journal of Human-Computer Interaction},
 publisher = {Informa UK Limited},
 year = {1997},
 month = {jun},
 number = {2},
 volume = {9},
 pages = {183--198},
 url = {https://doi.org/10.1207%2Fs15327590ijhc0902_6},
 doi = {10.1207/s15327590ijhc0902_6}
}

@inproceedings{Whiteside_1985,
 author = {Whiteside, John and Jones, Sandra and Levy, Paula S. and Wixon, Dennis},
 title = {User performance with command, menu, and iconic interfaces},
 publisher = {ACM Press},
 year = {1985},
 url = {https://doi.org/10.1145%2F317456.317490},
 doi = {10.1145/317456.317490},
 booktitle = {Proceedings of the SIGCHI conference on Human factors in computing systems  - CHI ′85}
}


