@online{attrakdiff,
  title = {AttrakDiff},
  url = {https://www.attrakdiff.de},
  date = {2023},
  organization = {User Interface Design GmbH},
  urldate = {2023-02-08}
}

@online{clig,
  author = "Prasad, Aanand and Firshman, Ben and Tashian, Ben and Parish, Eva",
  title = "Command line interface guidelines",
  url = "https://clig.dev",
  urldate = {2022-12-23}
}

@online{oclif,
  title = "oclif: The Open CLI Framework",
  organization = {Salesforce},
  url = "https://oclif.io",
  urldate = {2023-01-02}
}

@online{coreutils,
  title = "GNU core utilities",
  organization = {GNU},
  url = "https://www.gnu.org/software/coreutils/",
  urldate = {2023-01-31}
}

@online{DWIM,
  title = "DWIM",
  author = "Raymond, Eric S.",
  url = "http://www.catb.org/~esr/jargon/html/D/DWIM.html",
  urldate = {2023-02-02}
}
